<record><leader>00000cas a22000007a 4500</leader><controlfield tag="001">19866668</controlfield><controlfield tag="008">890614d18621867ohuwr ne      0    0eng d</controlfield><datafield ind1=" " ind2=" " tag="010"><subfield code="a">sn 89076159 </subfield></datafield><datafield ind1=" " ind2=" " tag="040"><subfield code="a">ONP</subfield><subfield code="b">eng</subfield><subfield code="c">ONP</subfield><subfield code="d">OCLCQ</subfield></datafield><datafield ind1=" " ind2=" " tag="042"><subfield code="a">msc</subfield></datafield><datafield ind1="0" ind2=" " tag="130"><subfield code="a">Waverly Democrat (Waverly, Ohio : 1862)</subfield></datafield><datafield ind1="1" ind2="0" tag="245"><subfield code="a">Waverly Democrat.</subfield></datafield><datafield ind1=" " ind2=" " tag="260"><subfield code="a">Waverly, Ohio :</subfield><subfield code="b">W.D. Jones</subfield></datafield><datafield ind1=" " ind2=" " tag="310"><subfield code="a">Weekly</subfield></datafield><datafield ind1="1" ind2=" " tag="362"><subfield code="a">Began in Jan. 1862; ceased in Aug. 1867.</subfield></datafield><datafield ind1=" " ind2=" " tag="588"><subfield code="a">Description based on: Vol. 5, no. 50 (Dec. 21, 1866).</subfield></datafield><datafield ind1=" " ind2=" " tag="752"><subfield code="a">United States</subfield><subfield code="b">Ohio</subfield><subfield code="c">Pike</subfield><subfield code="d">Waverly.</subfield></datafield><datafield ind1="0" ind2="0" tag="780"><subfield code="t">Weekly Piketon union</subfield><subfield code="w">(DLC)sn 87075083</subfield></datafield><datafield ind1="0" ind2="0" tag="785"><subfield code="t">Waverly watchman (Waverly, Ohio : 1867)</subfield><subfield code="w">(DLC)sn 85026321</subfield></datafield></record>